<record><leader>00000cas a2200000 a 4500</leader><controlfield tag="001">14263753</controlfield><controlfield tag="008">860925d19041910ksucr ne      0    0eng d</controlfield><datafield ind1=" " ind2=" " tag="010"><subfield code="a">sn 86064508 </subfield></datafield><datafield ind1=" " ind2=" " tag="040"><subfield code="a">KSH</subfield><subfield code="b">eng</subfield><subfield code="c">KSH</subfield><subfield code="d">NPT</subfield><subfield code="d">OCL</subfield><subfield code="d">OCLCQ</subfield></datafield><datafield ind1=" " ind2=" " tag="042"><subfield code="a">msc</subfield></datafield><datafield ind1="0" ind2="0" tag="245"><subfield code="a">Twice-a-week Gas City herald.</subfield></datafield><datafield ind1=" " ind2=" " tag="260"><subfield code="a">Gas [City], Kan. :</subfield><subfield code="b">Horace P. Schell,</subfield><subfield code="c">1904-</subfield></datafield><datafield ind1=" " ind2=" " tag="300"><subfield code="a">v. :</subfield><subfield code="b">ill. ;</subfield><subfield code="c">55 cm.</subfield></datafield><datafield ind1=" " ind2=" " tag="310"><subfield code="a">Semiweekly</subfield></datafield><datafield ind1="0" ind2=" " tag="362"><subfield code="a">Vol. 4, no. 11 (Mar. 1, 1904)-</subfield></datafield><datafield ind1="1" ind2=" " tag="362"><subfield code="a">Ceased in 1910.</subfield></datafield><datafield ind1=" " ind2=" " tag="500"><subfield code="a">Place of publication also known as Gas.</subfield></datafield><datafield ind1=" " ind2=" " tag="752"><subfield code="a">United States</subfield><subfield code="b">Kansas</subfield><subfield code="c">Allen</subfield><subfield code="d">Gas City.</subfield></datafield><datafield ind1="0" ind2="0" tag="780"><subfield code="t">Gas City herald</subfield><subfield code="w">(DLC)sn 83040004</subfield></datafield><datafield ind1="0" ind2="0" tag="785"><subfield code="t">Tri-city herald</subfield><subfield code="w">(DLC)sn 83040005</subfield></datafield><datafield ind1="1" ind2=" " tag="029"><subfield code="a">AU@</subfield><subfield code="b">000020426570</subfield></datafield></record>